[gd_scene load_steps=6 format=2]

[ext_resource path="res://scripts/MainMenu.gd" type="Script" id=1]
[ext_resource path="res://assets/game_title.png" type="Texture" id=2]
[ext_resource path="res://scenes/gui/SettingsWindow.tscn" type="PackedScene" id=3]
[ext_resource path="res://song1.ogg" type="AudioStream" id=4]
[ext_resource path="res://okay.wav" type="AudioStream" id=5]

[node name="MainMenu" type="Control" index="0"]

anchor_left = 0.0
anchor_top = 0.0
anchor_right = 1.0
anchor_bottom = 1.0
rect_pivot_offset = Vector2( 0, 0 )
rect_clip_content = false
mouse_filter = 0
mouse_default_cursor_shape = 0
size_flags_horizontal = 1
size_flags_vertical = 1
script = ExtResource( 1 )

[node name="CenterContainer" type="CenterContainer" parent="." index="0"]

anchor_left = 0.0
anchor_top = 0.0
anchor_right = 1.0
anchor_bottom = 1.0
rect_pivot_offset = Vector2( 0, 0 )
rect_clip_content = false
mouse_filter = 0
mouse_default_cursor_shape = 0
size_flags_horizontal = 1
size_flags_vertical = 1
use_top_left = false

[node name="ButtonList" type="VBoxContainer" parent="CenterContainer" index="0"]

anchor_left = 0.0
anchor_top = 0.0
anchor_right = 0.0
anchor_bottom = 0.0
margin_left = 412.0
margin_top = 266.0
margin_right = 612.0
margin_bottom = 334.0
rect_min_size = Vector2( 200, 0 )
rect_pivot_offset = Vector2( 0, 0 )
rect_clip_content = false
mouse_filter = 1
mouse_default_cursor_shape = 0
size_flags_horizontal = 1
size_flags_vertical = 1
alignment = 0
_sections_unfolded = [ "Rect" ]

[node name="StartButton" type="Button" parent="CenterContainer/ButtonList" index="0"]

anchor_left = 0.0
anchor_top = 0.0
anchor_right = 0.0
anchor_bottom = 0.0
margin_right = 200.0
margin_bottom = 20.0
rect_pivot_offset = Vector2( 0, 0 )
rect_clip_content = false
focus_mode = 2
mouse_filter = 0
mouse_default_cursor_shape = 0
size_flags_horizontal = 1
size_flags_vertical = 1
toggle_mode = false
enabled_focus_mode = 2
shortcut = null
group = null
text = "Start"
flat = false
align = 1

[node name="SettingsButton" type="Button" parent="CenterContainer/ButtonList" index="1"]

anchor_left = 0.0
anchor_top = 0.0
anchor_right = 0.0
anchor_bottom = 0.0
margin_top = 24.0
margin_right = 200.0
margin_bottom = 44.0
rect_pivot_offset = Vector2( 0, 0 )
rect_clip_content = false
focus_mode = 2
mouse_filter = 0
mouse_default_cursor_shape = 0
size_flags_horizontal = 1
size_flags_vertical = 1
toggle_mode = false
enabled_focus_mode = 2
shortcut = null
group = null
text = "Settings"
flat = false
align = 1

[node name="QuitButton" type="Button" parent="CenterContainer/ButtonList" index="2"]

anchor_left = 0.0
anchor_top = 0.0
anchor_right = 0.0
anchor_bottom = 0.0
margin_top = 48.0
margin_right = 200.0
margin_bottom = 68.0
rect_pivot_offset = Vector2( 0, 0 )
rect_clip_content = false
focus_mode = 2
mouse_filter = 0
mouse_default_cursor_shape = 0
size_flags_horizontal = 1
size_flags_vertical = 1
toggle_mode = false
enabled_focus_mode = 2
shortcut = null
group = null
text = "Quit"
flat = false
align = 1

[node name="TitleTexture" type="TextureRect" parent="." index="1"]

anchor_left = 0.5
anchor_top = 0.0
anchor_right = 0.5
anchor_bottom = 0.0
margin_left = -262.0
margin_top = 80.0
margin_right = 2.0
margin_bottom = 120.0
rect_scale = Vector2( 2, 2 )
rect_pivot_offset = Vector2( 0, 0 )
rect_clip_content = false
mouse_filter = 1
mouse_default_cursor_shape = 0
size_flags_horizontal = 1
size_flags_vertical = 1
texture = ExtResource( 2 )
stretch_mode = 0
_sections_unfolded = [ "Rect" ]

[node name="SettingsWindow" parent="." index="2" instance=ExtResource( 3 )]

visible = false

[node name="AudioStreamPlayer" type="AudioStreamPlayer" parent="." index="3"]

stream = ExtResource( 4 )
volume_db = 0.0
pitch_scale = 1.0
autoplay = true
mix_target = 0
bus = "music"

[node name="Button" type="Button" parent="." index="4"]

anchor_left = 0.0
anchor_top = 0.0
anchor_right = 0.0
anchor_bottom = 0.0
margin_left = 200.0
margin_top = 280.0
margin_right = 323.0
margin_bottom = 391.0
rect_pivot_offset = Vector2( 0, 0 )
rect_clip_content = false
focus_mode = 2
mouse_filter = 0
mouse_default_cursor_shape = 0
size_flags_horizontal = 1
size_flags_vertical = 1
toggle_mode = false
enabled_focus_mode = 2
shortcut = null
group = null
text = "Sound"
flat = false
align = 1

[node name="TESTSFX" type="AudioStreamPlayer" parent="Button" index="0"]

stream = ExtResource( 5 )
volume_db = 0.0
pitch_scale = 1.0
autoplay = false
mix_target = 0
bus = "sfx"

[connection signal="pressed" from="CenterContainer/ButtonList/StartButton" to="." method="_on_StartButton_pressed"]

[connection signal="pressed" from="CenterContainer/ButtonList/SettingsButton" to="." method="_on_SettingsButton_pressed"]

[connection signal="pressed" from="CenterContainer/ButtonList/QuitButton" to="." method="_on_QuitButton_pressed"]

[connection signal="pressed" from="Button" to="." method="_on_Button_pressed"]


